3050 5325
733 464 836 570 36
1218 459 2058 540 Pnoposxnonns
2299 455 2595 538 LibJ.

737 648 916 741 DC,
973 646 1120 726 FG
1157 641 1438 751 aequale
1477 638 1911 748 rectangulo
1964 641 2210 733 DFC,
2269 639 2423 720 hoc
2452 642 2595 735 est,

740 774 1177 883 rediangulo
1249 771 1508 863 AFE;
1598 794 1828 875 quare
1891 769 2030 848 erit
2076 770 2216 849 AF
2284 770 2378 848 ad
2438 772 2608 851 CD

745 923 831 985 ut
868 904 1014 1007 GE
1051 902 1146 981 ad
1186 900 1346 979 FE.
1457 898 1848 1001 Qoniam
1912 897 2017 976 est
2072 900 2235 978 AD
2295 900 2605 1006 aequalis

746 1028 880 1138 ipfi
926 1028 1090 1121 Ac,
1117 1046 1192 1106 et
1225 1026 1454 1105 etiam
1494 1025 1635 1102 BA
1672 1023 1971 1128 aequalis
2003 1023 2133 1130 ipfi
2158 1025 2319 1118 BC,
2379 1045 2454 1104 et
2488 1025 2602 1103 est

749 1155 1067 1259 angulus
1100 1149 1310 1228 ΒΑΕ
1337 1146 1633 1253 aequalis
1662 1146 1948 1252 angulo
1985 1149 2239 1240 ADC,
2277 1147 2424 1226 hoc
2461 1147 2603 1241 est,

752 1277 1034 1387 angulo
1094 1276 1349 1368 ACD,
1409 1272 1776 1381 parallelae
1823 1272 1991 1352 sunt
2060 1274 2224 1367 AB,
2292 1275 2468 1367 DC,
2525 1294 2611 1355 et

754 1407 893 1484 erit
929 1400 1388 1509 triangulum
1426 1398 1638 1477 BAC
1676 1398 2052 1504 triangulo
2092 1401 2322 1480 ACD
2372 1401 2602 1507 aequi-

754 1527 1176 1636 angulum3
1236 1552 1468 1630 quare
1522 1525 1659 1601 erit
1714 1525 1861 1603 DC
1900 1526 1990 1602 ad
2026 1527 2169 1604 CA
2208 1545 2295 1604 ut
2331 1531 2473 1607 CA
2508 1528 2606 1606 ad

751 1658 956 1745 ,ΑΒς
1035 1653 1396 1760 quoniam
1451 1679 1627 1729 vero
1691 1650 1795 1729 est
1834 1652 1972 1729 AF
2010 1653 2103 1732 ad
2153 1657 2301 1734 CD
2340 1676 2423 1735 ut
2456 1656 2615 1736 GF

761 1780 857 1859 ad
898 1778 1062 1870 FE,
1122 1777 1271 1856 hoc
1304 1775 1434 1870 est,
1496 1794 1581 1852 ut
1621 1776 1757 1852 AB
1814 1776 1906 1854 ad
1946 1779 2117 1871 AE,
2176 1798 2252 1857 et
2298 1780 2405 1859 est
2455 1784 2603 1863 CD

767 1910 860 1988 ad
901 1911 1042 1988 AC
1081 1925 1165 1984 ut
1204 1906 1343 1985 AC
1394 1903 1486 1980 ad
1547 1903 1713 1995 AB,
1801 1904 1939 1981 erit
1996 1907 2137 1984 AF
2186 1908 2280 1985 ad
2346 1912 2487 1990 AC
2526 1929 2609 1988 ut

760 2038 904 2117 AC
942 2034 1037 2114 ad
1075 2033 1217 2110 ΑΕ
1252 2068 1279 2125 3
1364 2057 1595 2137 quare
1633 2029 1769 2105 eri-t
1825 2031 2349 2138 rediangulum
2396 2036 2620 2114 EAF

770 2164 1048 2272 aequale
1083 2161 1445 2267 quadrato
1485 2185 1581 2233 ex
1623 2158 1789 2236 AC.
1905 2156 2022 2265 Q
2052 2159 2161 2265 Q
2198 2161 2288 2240 V.

878 2294 1401 2392 Componetur
1475 2302 1729 2361 autem
1798 2284 1920 2364 fic.
2055 2289 2444 2392 Qoniam
2509 2290 2620 2369 est

773 2410 1293 2516 rectiangulum
1330 2408 1544 2487 EAF
1596 2415 1877 2515 aequale
1914 2414 2273 2518 quadrato
2310 2439 2407 2493 ex
2442 2416 2621 2509 Ac,

774 2541 912 2619 erit
971 2537 1110 2617 AF
1149 2537 1242 2614 ad
1283 2539 1424 2617 AC
1488 2554 1574 2614 ut
1624 2539 1767 2617 AC
1805 2539 1898 2617 ad
1951 2539 2115 2617 AB.
2229 2541 2627 2648 Qoniam·

775 2668 881 2745 est
908 2671 1063 2747 AD
1099 2667 1403 2771 aequalis
1428 2665 1555 2771 ipfi
1589 2668 1756 2760 AC,
1817 2685 1891 2745 et
1921 2667 2148 2747 etiam
2185 2667 2325 2747 BA
2365 2697 2616 2775 aequa-

775 2794 862 2873 lis
892 2795 1025 2904 ipfi
1055 2787 1214 2886 BC,
1273 2813 1346 2872 et
1377 2791 1481 2870 est
1515 2794 1830 2902 angulus
1886 2796 2095 2875 BAC
2136 2799 2435 2901 aequalis
2484 2825 2622 2875 an*-

775 2918 957 3024 gulo
997 2919 1251 3009 ADC,
1307 2914 1454 2994 hoc
1487 2915 1617 3008 est,
1678 2916 1955 3022 angulo
1992 2921 2243 3010 ACD,
2301 2923 2621 3025 paralle-

778 3043 866 3125 lae
906 3047 1073 3123 sunt
1128 3042 1293 3135 AB,
1335 3043 1508 3132 DC,
1568 3060 1643 3119 et
1680 3044 1814 3120 erit
1852 3043 2311 3151 triangulum
2366 3046 2627 3140 ACD,
2793 3139 2798 3143 ⁷

778 3171 1148 3281 triangulo
1211 3172 1422 3250 ABG
1486 3171 2044 3276 aequiangulum
2075 3209 2098 3265 3
2191 3199 2422 3278 quare
2486 3175 2626 3252 eri-t

780 3301 925 3377 AC
981 3298 1073 3373 ad
1112 3299 1260 3376 CD
1301 3315 1384 3372 ut
1420 3297 1558 3372 BA
1597 3295 1691 3372 ad
1734 3300 1897 3376 AC.
2010 3298 2397 3401 Qoniam
2448 3324 2636 3378 vero·

772 3423 889 3507 ,est
941 3423 1079 3500 AF
1119 3423 1210 3500 ad
1237 3425 1377 3500 AC
1417 3440 1499 3498 ut
1552 3425 1693 3502 AC
1732 3424 1826 3501 ad
1865 3426 2035 3518 AE,
2096 3444 2170 3504 et
2222 3425 2327 3503 est
2358 3427 2499 3506 AC
2530 3429 2630 3506 ad

786 3550 935 3628 CD
995 3565 1078 3624 ut
1115 3547 1254 3623 BA
1293 3546 1385 3624 ad
1447 3549 1614 3638 AC,
1675 3551 1810 3627 erit
1847 3552 1987 3628 AF
2030 3551 2125 3628 ad
2177 3553 2323 3632 CD
2365 3569 2450 3630 ut
2478 3553 2622 3631 ΒΑ.

789 3676 883 3754 ad
942 3675 1112 3766 AE,
1171 3673 1318 3751 hoc
1354 3671 1483 3767 est,
1543 3693 1627 3752 ut
1683 3677 1826 3755 GF
1866 3679 1957 3758 ad
1996 3679 2176 3774 FE3
2260 3677 2369 3757 est
2402 3679 2633 3785 igitur

786 3803 1308 3908 scestangulum
1342 3827 1438 3880 ex
1479 3803 1654 3896 Dc,
1690 3803 1834 3881 FG
1874 3804 2152 3914 aequale
2190 3805 2634 3908 rectangulo

2379 3931 2627 4021 AFE,
